@article{Sethi2005,
author = {Sethi, Gautam and Costello, Christopher and Fisher, Anthony and Hanemann, Michael and Karp, Larry},
doi = {10.1016/j.jeem.2004.11.005},
file = {:home/cboettig/Documents/Mendeley/Sethi et al. - 2005 - Fishery management under multiple uncertainty.pdf:pdf},
issn = {00950696},
journal = {Journal of Environmental Economics and Management},
keywords = {dynamic optimization,fisheries management,incomplete information,markovian,policycosts{\_}paper,risk,uncertainty},
mendeley-groups = {Theoretical Ecology,Theoretical Ecology/PDG Control},
mendeley-tags = {policycosts{\_}paper},
month = {sep},
number = {2},
pages = {300--318},
title = {{Fishery management under multiple uncertainty}},
url = {http://linkinghub.elsevier.com/retrieve/pii/S0095069605000057},
volume = {50},
year = {2005}
}

@article{Marescot2013,
author = {Marescot, Lucile and Chapron, Guillaume and Chad{\`{e}}s, Iadine and Fackler, Paul L. and Duchamp, Christophe and Marboutin, Eric and Gimenez, Olivier},
doi = {10.1111/2041-210X.12082},
file = {:home/cboettig/Documents/Mendeley/Marescot et al. - 2013 - Complex decisions made simple a primer on stochastic dynamic programming.pdf:pdf},
issn = {2041210X},
journal = {Methods in Ecology and Evolution},
mendeley-groups = {Theoretical Ecology},
month = {jun},
pages = {n/a--n/a},
title = {{Complex decisions made simple: a primer on stochastic dynamic programming}},
url = {http://doi.wiley.com/10.1111/2041-210X.12082},
year = {2013}
}

@article{Reed1979,
author = {Reed, William J},
doi = {10.1016/0095-0696(79)90014-7},
file = {:home/cboettig/Documents/Mendeley//Reed - 1979 - Optimal escapement levels in stochastic and deterministic harvesting models.pdf:pdf},
issn = {00950696},
journal = {Journal of Environmental Economics and Management},
keywords = {fisheries,optimal control,policycosts{\_}paper},
mendeley-groups = {Theoretical Ecology,Theoretical Ecology/PDG Control},
mendeley-tags = {fisheries,optimal control,policycosts{\_}paper},
month = {dec},
number = {4},
pages = {350--363},
publisher = {Elsevier},
title = {{Optimal escapement levels in stochastic and deterministic harvesting models}},
url = {http://www.sciencedirect.com/science/article/pii/0095069679900147 http://linkinghub.elsevier.com/retrieve/pii/0095069679900147},
volume = {6},
year = {1979}
}
